%% This BibTeX bibliography file was created using BibDesk.
%% http://bibdesk.sourceforge.net/


%% Created for Lauro Cesar Araujo at 2015-04-27 19:42:19 -0300 


%% Saved with string encoding Unicode (UTF-8) 

%% %% Modificado 31-07-2015, Youssef Cherem: remoção de maiúsculas entre chaves, como {A}.

@article{noticiapolicia,
address={S\~ao Paulo},
author={Jairo Marques and Rogério Pagnan},
journal={Folha de S.~Paulo},
month={16 mar.},
title={Em 5 minutos, {PM} recebeu 69 ligações pedindo socorro em {S}uzano; ouça},
url={https://www1.folha.uol.com.br/cotidiano/2019/03/em-5-minutos-pm-recebeu-69-ligacoes-sobre-escola-de-suzano.shtml},
urlaccessdate={31 mai. 2019},
year={2019}}

@article{atlasdaviolencia,
address={Brasília, Rio de Janeiro e São Paulo},
author={Daniel Cerqueira and Renato Sergio de Lima and Samira Bueno and Cristina Neme},
title={Atlas da Violência 2019},
year={2019}}

@inproceedings{mectaxonomy,
author = {Beck, Michael and Werner, Martin and Feld, Sebastian and Schimper, Thomas},
year = {2014},
month = {01},
pages = {},
title = {Mobile Edge Computing: A Taxonomy}
}

@inproceedings{fogcomputing,
 author = {Bonomi, Flavio and Milito, Rodolfo and Zhu, Jiang and Addepalli, Sateesh},
 title = {Fog Computing and Its Role in the Internet of Things},
 booktitle = {Proceedings of the First Edition of the MCC Workshop on Mobile Cloud Computing},
 series = {MCC '12},
 year = {2012},
 location = {Helsinki},
 pages = {13--16},
 numpages = {4},
 publisher = {ACM},
 address = {New York},
}

@article{dio,
author={Rafael de Almeida Evangelista and Tiago Jo{\~a}o Cardoso Soares and Sarah Costa Schmidt},
year = {2017},
month = {12},
pages = {},
title = {{DIO}: A Surveillance Camera Mapping Game for Mobile Devices}
}

@inproceedings{opencv,
author={I. {Culjak} and D. {Abram} and T. {Pribanic} and H. {Dzapo} and M. {Cifrek}},
booktitle={2012 Proceedings of the 35th International Convention MIPRO},
title={A brief introduction to {OpenCV}},
year={2012},
volume={},
number={},
pages={1725-1730}}

@article{convolucao,
author = {Lukas Mosser and Olivier Dubrule and Martin Blunt},
year = {2017},
title = {Stochastic Reconstruction of an Oolitic Limestone by Generative Adversarial Networks},
journal = {Transport in Porous Media},
}

@article{featuremaps,
author={Mark West},
month={20 ago.},
title={Convolutional Neural Networks: The Theory},
url={https://www.bouvet.no/bouvet-deler/understanding-convolutional-neural-networks-part-1},
urlaccessdate={11 nov. 2019},
year={2019}}

@article{firmino, title={Securitização, vigilância e territorialização em espaços públicos na cidade neoliberal}, volume={15}, url={http://www.revistas.usp.br/risco/article/view/134313}, DOI={10.11606/issn.1984-4506.v15i1p23-35}, number={1}, journal={Risco Revista de Pesquisa em Arquitetura e Urbanismo (Online)}, author={Firmino, Rodrigo}, year={2017}, month={dez.}, pages={23-35}}

@article{cisco,
  author={Cisco},
  month={27 fev.},
  title={Cisco Visual Networking Index: Forecast and Trends, 2017–2022 White Paper},
  url = {https://www.cisco.com/c/en/us/solutions/collateral/service-provider/visual-networking-index-vni/white-paper-c11-741490.pdf},
  year={2019}
}

@article{rcnn,
   title={Rich Feature Hierarchies for Accurate Object Detection and Semantic Segmentation},
   journal={2014 IEEE Conference on Computer Vision and Pattern Recognition},
   publisher={IEEE},
   author={Ross Girshick and Jeff Donahue and Trevor Darrell and Jitendra Malik},
   year={2014},
}

@article{fastrcnn,
   title={Fast {R-CNN}},
   journal={2015 IEEE International Conference on Computer Vision (ICCV)},
   publisher={IEEE},
   author={Ross Girshick},
   year={2015},
}

@article{fasterrcnn,
   title={Faster {R-CNN}: Towards Real-Time Object Detection with Region Proposal Networks},
   volume={39},
   number={6},
   journal={IEEE Transactions on Pattern Analysis and Machine Intelligence},
   publisher={Institute of Electrical and Electronics Engineers (IEEE)},
   author={Shaoqing Ren and Kaiming He and Ross Girshick and Jian Sun},
   year={2017},
   pages={1137–1149}
}

@misc{yolov3,
    title={{YOLOv3}: An Incremental Improvement},
    author={Joseph Redmon and Ali Farhadi},
    year={2018},
    eprint={1804.02767},
    archivePrefix={arXiv},
    primaryClass={cs.CV}
}

@misc{yolov1,
    title={You Only Look Once: Unified, Real-Time Object Detection},
    author={Joseph Redmon and Santosh Divvala and Ross Girshick and Ali Farhadi},
    year={2015},
    eprint={1506.02640},
    archivePrefix={arXiv},
    primaryClass={cs.CV}
}

@misc{yolo9000,
    title={{YOLO9000}: Better, Faster, Stronger},
    author={Joseph Redmon and Ali Farhadi},
    year={2016},
    eprint={1612.08242},
    archivePrefix={arXiv},
    primaryClass={cs.CV}
}

@article{ssd,
   title={{SSD}: Single Shot MultiBox Detector},
   journal={Lecture Notes in Computer Science},
   publisher={Springer International Publishing},
   author={Wei Liu and Dragomir Anguelov and Dumitru Erhan and Christian Szegedy and Scott Reed and Cheng-Yang Fu and Alexander C. Berg},
   year={2016},
   pages={21–37}
}

@misc{vgg16,
    title={Very Deep Convolutional Networks for Large-Scale Image Recognition},
    author={Karen Simonyan and Andrew Zisserman},
    year={2014},
    eprint={1409.1556},
    archivePrefix={arXiv},
    primaryClass={cs.CV}
}

@misc{coco,
    title={Microsoft {COCO}: Common Objects in Context},
    author={Tsung-Yi Lin and Michael Maire and Serge Belongie and Lubomir Bourdev and Ross Girshick and James Hays and Pietro Perona and Deva Ramanan and C. Lawrence Zitnick and Piotr Dollár},
    year={2014},
    eprint={1405.0312},
    archivePrefix={arXiv},
    primaryClass={cs.CV}}

@article{svmimagens,
author={Savan Patel},
month={3 mai.},
title={Machine Learning 101 Chapter 2 : {SVM} (Support Vector Machine) — Theory},
url={https://medium.com/machine-learning-101/chapter-2-svm-support-vector-machine-theory-f0812effc72},
urlaccessdate={3 dez. 2019},
year={2017}}


@article{chinafacial,
author={Jackie Snow},
journal={MIT Technology Review},
month={25 jan.},
title={China’s facial-recognition startups can probably pick you out of a crowd},
url={https://www.technologyreview.com/f/610068/chinas-facial-recognition-startups-can-probably-pick-you-out-of-a-crowd/},
urlaccessdate={1 jun. 2019},
year={2018}}

@article{chinapolicia,
author={Jamie Condliffe},
journal={MIT Technology Review},
month={7 fev.},
title={Chinese cops are wearing glasses that can recognize faces},
url={https://www.technologyreview.com/f/610214/chinese-cops-are-using-facial-recognition-specs/},
urlaccessdate={1 jun. 2019},
year={2018}}

@article{colabblog,
title={Doing Data Science with coLaboratory},
author={Kayur Patel and Kester Tong and Mark Sandler and Corinna Cortes},
month={8 ago.},
url={https://ai.googleblog.com/2014/08/doing-data-science-with-colaboratory.html},
urlaccessdate={29 nov. 2019},
year={2014}}

@article{yololite,
  author = {Jonathan Pedoeem and Rachel Huang},
  title = {{YOLO-LITE}: {A} Real-Time Object Detection Algorithm Optimized for Non-GPU Computers},
  journal = {CoRR},
  month = {14 nov.},
  year = {2018},
}

@article{chinaracista,
address={Shanghai},
author={Paul Mozur},
journal={The New York Times},
month={14 abr.},
title={One Month, 500,000 Face Scans: How {C}hina Is Using {A.I.} to Profile a Minority},
url={https://www.nytimes.com/2019/04/14/technology/china-surveillance-artificial-intelligence-racial-profiling.html},
urlaccessdate={1 jun. 2019},
year={2019}}

@article{chinaditadora,
author={Christina Larson},
journal={MIT Technology Review},
month={20 ago.},
title={Who needs democracy when you have data?},
url={https://www.technologyreview.com/s/611815/who-needs-democracy-when-you-have-data/},
urlaccessdate={1 jun. 2019},
year={2018}}

@article{grega,
address={Cracóvia},
month={1 jan.},
author={Michal Grega and Andrzej Matiolanski and Piotr Guzik and  Mikolaj Leszczuk},
journal={Sensors},
volume={16},
title={Automated Detection of Firearms and Knives in a
{CCTV} Image},
year={2016}}

@article{overfeat,
month={24 fev.},
author={Pierre Sermanet and David Eigen and Xiang Zhang and Michael Mathieu and Rob Fergus and Yann LeCun},
title={OverFeat: Integrated Recognition, Localization and Detection using Convolutional Networks},
year={2014}}

@article{lai,
author={Justin Lai and Sydney Maples},
title={Developing a Real-Time Gun Detection Classifier},
year={2017}}

@article{olmos1,
month={10 mai.},
author={Roberto Olmos and Siham Tabika and Francisco Herrera},
journal={Neurocomputing},
volume={275},
pages={66-72},
title={Automatic handgun detection alarm in videos using deep learning},
year={2017}}

@article{olmos2,
month={15 out.},
author={Alberto Castillo and Siham Tabik and Francisco Pérez and Roberto Olmos and Francisco Herrera},
journal={Neurocomputing},
volume={330},
pages={151-161},
title={Brightness guided preprocessing for automatic cold steel weapon detection in surveillance videos with deep learning},
year={2018}}

@article{pascalvoc, 
   author = "Mark Everingham and  Ali Eslami and Luc Van Gool and Christopher Williams and John Winn and Andrew Zisserman", 
   title = "The Pascal Visual Object Classes Challenge: A Retrospective", 
   journal = "International Journal of Computer Vision", 
   volume = "111", 
   year = "2015", 
   month = "1 jan.", 
   pages = "98-136", 
} 

@article{yoloexplained, 
   title = "{YOLO} v3 theory explained",
   url={https://medium.com/analytics-vidhya/yolo-v3-theory-explained-33100f6d193},
   author={Analytics Vidhya},
   urlaccessdate={25 nov. 2019}, 
   year = "2019", 
   month = "4 jan.",
} 

@article{tfyolo,
author = {He, and Huang, Chih-Yuan and Wei, and Yunfang, Li and Anfu, Guo},
year = {2019},
month = {5 ago.},
pages = {3225},
title = {{TF-YOLO}: An Improved Incremental Network for Real-Time Object Detection},
volume = {9},
journal = {Applied Sciences},
doi = {10.3390/app9163225}
}

@article{olmos3,
author={Roberto Olmos and Siham Tabik and Alberto Lamas and Francisco Pérez-Hernández and Francisco Herrera},
journal={Information Fusion},
volume={49},
pages={271-280},
title={A binocular image fusion approach for minimizing false positives in handgun detection with deep learning},
year={2019}}

@inproceedings{fusion1,
author={Thun Chitmaitredejsakul and Sanparith Marukatat and Surapa Thiemjarus and Gun Srijuntongsiri},
conference-year={2014},
conference-location={Chonburi},
organization={2014 International Electrical Engineering Congress (iEECON)},
publisher={IEEE},
title={Multiple objects monitoring based on 3D information from multiple cameras},
year={2014}}

@inproceedings{fusion2,
author={Young-Gun Lee and Zheng Tang and Jenq-Neng Hwang and Zhijun Fang},
conference-year={2017},
conference-location={Beijing},
organization={2017 IEEE International Conference on Image Processing (ICIP)},
publisher={IEEE},
title={Inter-camera tracking based on fully unsupervised online learning},
year={2017}}

@inproceedings{cctv,
author={Iain Darker and Alastair Gale and Leila Ward and Anastassia Blechko},
conference-year={2007},
conference-location={Ottawa},
organization={2007 41st Annual IEEE International Carnahan Conference on Security Technology},
publisher={IEEE},
title={Can {CCTV} Reliably Detect Gun Crime?},
year={2007}}

@book{ries,
author={Eric Ries},
pages={336},
publisher={Crown Business},
subtitle={How Today's Entrepreneurs Use Continuous Innovation to Create Radically Successful Businesses},
title={The Lean Startup},
year={2011}}

@article{doccaninos,
title={Labrador - Caninos Loucos},
url={https://caninosloucos.org/pt/labrador-pt/},
note={Documentação técnica},
urlaccessdate={20 jun. 2019},
year={2018}}

@book{wmd,
 author = {Cathy O'Neil},
 title = {Weapons of Math Destruction: How Big Data Increases Inequality and Threatens Democracy},
 year = {2016},
 isbn = {0553418815, 9780553418811},
 publisher = {Crown Publishing Group},
 address = {New York},
} 

@article{olmosdataset,
title={Weapons Detection},
url={https://sci2s.ugr.es/weapons-detection},
urlaccessdate={22 jun. 2019}}

@misc{chollet2015keras,
  title={Keras},
  author={Chollet, Fran\c{c}ois and others},
  year={2015},
  howpublished={\url{https://keras.io}},
}

@article{mobilenet,
month={17 abr.},
author={Andrew G. Howard and Menglong Zhu and Bo Chen and Dmitry Kalenichenko and Weijun Wang and Tobias Weyand and Marco Andreetto and Hartwig Adam},
title={MobileNets: Efficient Convolutional Neural Networks for Mobile Vision Applications},
year={2017}}

@misc{training,
  author = {Mitchell Billard},
  title = {WeaponDetection},
  year = {2019},
  publisher = {GitHub},
  journal = {Repositório do Github},
  howpublished = {\url{https://github.com/mbillard11/WeaponDetection}}
}

@article{imfdb,
title={Internet Movie Firearms Database - Guns in Movies, TV and Video Games},
url={http://www.imfdb.org/wiki/Main_Page},
urlaccessdate={22 jun. 2019}}

@comment{BibDesk Static Groups{
<?xml version="1.0" encoding="UTF-8"?>
<!DOCTYPE plist PUBLIC "-//Apple//DTD PLIST 1.0//EN" "http://www.apple.com/DTDs/PropertyList-1.0.dtd">
<plist version="1.0">
<array>
	<dict>
		<key>group name</key>
		<string>abnTeX</string>
		<key>keys</key>
		<string>memoir,tabela-simbolos-doc,abnt-bibtex-doc,abntex2cite,abntex2cite-alf,abntex2classe,abnt-bibtex-alf-doc,abntex2modelo,abnt-classe-doc</string>
	</dict>
	<dict>
		<key>group name</key>
		<string>normas</string>
		<key>keys</key>
		<string>NBR6033:1989,NBR6034:1989,NBR12256:1992,ISO10324:1997,ISO832:1994,ISO5123:1984,NBR6024:1989,NBR10520:2001,ISO11108:1996,ISO639-2:1998,ISO11798:1999,NBR6023:2000,NBR6027:1989,NBR10523:1988,ISO215:1986,NBR10522:1988,ISO3901:2001,ISO5963:1985,NBR14724:2001,ISO7154:1983,ISO5964:1985,NBR10520:1988,ISO7220:1996,ISO690:1987,ISO15707:2001,NBR10520:2002,NBR10719:1989,DOI,NBR6021:1994,ISO3297:1998,NBR6023:2002,ISO2108:1992,ISO5122:1979,ISO999:1996,NBR6022:1994,ISO214:1976,NBR6026:1994,NBR6025:2002,ISO10444:1994,ISO690-2:1997,NBR14724:2002,ISO2788:1986,ISO4:1997,NBR6029:2002,ISO15706:2002,NBR6032:1989,ISO10957:1993,ISO639-1:2002,NBR6028:1990,NBR6028:1980</string>
	</dict>
</array>
</plist>
}}
